% Encoding: UTF-8

@Article{AlexTarter2017,
  author  = {Alex Tarter},
  title   = {Importance of Cyber Security},
  journal = {Community Policing - A European Perspective},
  year    = {2017},
  date    = {2017-05-25},
  url     = {https://link.springer.com/chapter/10.1007/978-3-319-53396-4_15},
}

@Book{Samonas2014,
  author = {Samonas Spyridon},
  title  = {The cia strikes back: redefining confidentiality, integrity and availability in security},
  year   = {2014},
  date   = {2014-05-01},
  url    = {http://www.proso.com/dl/Samonas.pdf},
}

@Article{Zakiah2017,
  author       = {Zakiah Zulkefli},
  date         = {2019-03-14},
  journaltitle = {Security and Privacy Risks Awareness for Bring Your Own Device (BYOD) Paradigm},
  title        = {Security and Privacy Risks Awareness for Bring Your Own Device (BYOD) Paradigm},
  url          = {https://pdfs.semanticscholar.org/f96f/50036cea811be2c79dc709bfdd5f4c3d2558.pdf},
  year         = {2017},
}

@Article{Salim2016,
  author       = {Salim Hariri},
  date         = {2015-01-01},
  journaltitle = {IoT Security Framework for Smart Cyber Infrastructures},
  title        = {IoT Security Framework for Smart Cyber Infrastructures},
  url          = {https://ieeexplore.ieee.org/abstract/document/7789475},
  year         = {2016},
}

@Article{ArubaCPPM,
  author       = {ArubaCPPM},
  date         = {2020-01-01},
  journaltitle = {Wat is ArubaCPPM?},
  title        = {Wat is Aruba ClearPass Policy Manager?},
  url          = {https://www.arubanetworks.com/products/security/network-access-control/},
}

@Article{Portnox,
  author       = {Portnox},
  date         = {2007-01-01},
  journaltitle = {Wat is Portnox?},
  title        = {Wat is Portnox?},
  url          = {https://www.portnox.com/use-cases/network-access-control/},
  year         = {2020},
}

@Article{ISE,
  author       = {Cisco},
  date         = {2011-07-11},
  journaltitle = {Wat is Cisco ISE?},
  title        = {Wat is Cisco ISE?},
  url          = {https://www.cisco.com/c/dam/en/us/products/collateral/security/identity-services-engine/cisco-it-and-ise.pdf},
  year         = {2020},
}

@Article{ABAC,
  author       = {webfarmr},
  date         = {2009-06-05},
  journaltitle = {What is Policy-Based Access Control?},
  title        = {What is Policy-Based Access Control?},
  url          = {https://www.webfarmr.eu/2019/11/what-is-policy-based-access-control/},
  year         = {2019},
}

@Article{TCNAC,
  author       = {Cisco},
  date         = {2015-03-31},
  journaltitle = {Chapter: Configure Threat Centric NAC Service},
  title        = {Chapter: Configure Threat Centric NAC Service},
  url          = {https://www.cisco.com/c/en/us/td/docs/security/ise/2-1/admin_guide/b_ise_admin_guide_21/b_ise_admin_guide_21_chapter_0100011.html},
  year         = {2020},
}

@Article{PBAC,
  author       = {techhup},
  date         = {2001-05-06},
  journaltitle = {Port-Based and User-Based Access Control (802.1X)},
  title        = {Port-Based and User-Based Access Control (802.1X)},
  url          = {https://techhub.hpe.com/eginfolib/networking/docs/switches/K-KA-KB/16-01/5200-0122_access_security_guide/content/ch19.html},
  year         = {2019},
}

@Book{DanielV,
  author = {Daniel V. Hoffman},
  date   = {2008-04-21},
  title  = {Implementing NAP and NAC Security Technologies: The Complete Guide to Network Access Control.},
  url    = {http://index-of.co.uk/Hacking-Coleccion/Implementing NAP & NAC Security Technologies - The Complete Guide to Network Access Control.pdf},
}

@Book{KevinDaimi,
  author = {Kevin Daimi},
  date   = {2018-08-12},
  title  = {Computer and Network Security Essentials},
  url    = {https://link.springer.com/book/10.1007/978-3-319-58424-9},
}

@Article{Excel,
  author       = {Excel},
  date         = {1985-09-30},
  journaltitle = {Wat is Excel?},
  title        = {Excel software},
  url          = {https://www.microsoft.com/en-us/microsoft-365/excel},
}

@Article{LinkedIn,
  author       = {LinkedIn},
  date         = {2020-12-28},
  journaltitle = {LinkedIn},
  title        = {LinkedIn website},
  url          = {https://www.linkedin.com/home?originalSubdomain=be},
}

@Article{Telenet,
  author       = {Telenet N.V.},
  date         = {2020-05-08},
  journaltitle = {Wie is Telenet N.V?},
  title        = {Telenet website},
  url          = {https://www.telenet.be},
}

@Article{CiscoISE_InstallationGuide,
  author       = {Cisco},
  date         = {2011-06-07},
  journaltitle = {Cisco Identity Services Engine Hardware Installation Guide},
  title        = {Chapter: Install ISE on a VMware Virtual Machine},
  url          = {https://www.cisco.com/c/en/us/td/docs/security/ise/1-3/installation_guide/b_ise_InstallationGuide13/b_ise_InstallationGuide12_chapter_011.html},
}

@Article{Win19_InstallationGuide,
  author       = {computingforgeeks.cm},
  date         = {2019-10-12},
  journaltitle = {Installation Guide Windows Server 2019},
  title        = {How to Install Windows Server 2019.},
  url          = {https://computingforgeeks.com/install-windows-server-2019/},
}

@Article{Pfsense_InstallationGuide,
  author       = {Netgate.com},
  date         = {2019-09-21},
  journaltitle = {How to install Pfsense.},
  title        = {Installing pfSense as virtuel machine.},
  url          = {https://docs.netgate.com/pfsense/en/latest/install/installing-pfsense.html},
}

@Article{MicrosoftForms,
  author       = {Microsoft Forms},
  date         = {2017-06-20},
  journaltitle = {Easily create surveys, quizzes, and polls.},
  title        = {Microsoft Forms},
  url          = {https://ww.forms.office.com},
}

@Article{ExcelLogo,
  author       = {Microsoft},
  date         = {1985-09-30},
  journaltitle = {Excel logo},
  title        = {Het logo van Microsoft Excel},
  url          = {https://apps.apple.com/be/app/microsoft-excel/id462058435?mt=12},
}

@Article{PrincipesCIA,
  author       = {f5.com},
  date         = {2019-07-09},
  journaltitle = {Logo CIA Triad},
  title        = {What is the CIA Triad},
  url          = {https://www.f5.com/labs/articles/education/what-is-the-cia-triad},
}

@Article{ACPMModule,
  author       = {datanetworks.com},
  date         = {2017-05-15},
  journaltitle = {The ClearPass Access Management System},
  title        = {Aruba ClearPass Policy Manager modules.},
  url          = {https://www.datanetworks.com/newsletter-article/aruba-clearpass/},
}

@Article{PortnoxLogo,
  author       = {Portnox.com},
  date         = {2013-06-03},
  journaltitle = {Logo Portnox},
  title        = {Access Layers Announced New Name, Logo and Look},
  url          = {https://www.portnox.com/press-releases/access-layers-announced-new-name-logo-and-look/},
}

@Article{Raid10,
  author       = {techtarget.com},
  date         = {2019-10-24},
  journaltitle = {What is RAID 10?},
  title        = {RAID 10 (RAID 1+0)},
  url          = {https://searchstorage.techtarget.com/definition/RAID-10-redundant-array-of-independent-disks},
}

@Article{VMwareESXI,
  author       = {abraxax.com},
  date         = {2013-04-22},
  journaltitle = {Wat is een VMware ESX en ESXi server?},
  title        = {VMware ESX en ESXi server},
  url          = {https://abraxax.com/content/vmware-esx-en-esxi-server},
}

@Article{RAIDLi,
  author       = {techtarget.com},
  date         = {2019-10-15},
  journaltitle = {What is RAID 10?},
  title        = {RAID-10-redundant-array-of-independent-disks},
  url          = {https://searchstorage.techtarget.com/definition/RAID-10-redundant-array-of-independent-disks},
}

@Article{Rapid7Li,
  author       = {Rapid7 Nexpose},
  date         = {2016-09-22},
  journaltitle = {InsightIDR & Nexpose Integrate for Total User & Asset Security Visibility},
  title        = {What is Rapid7 Nexpose},
  url          = {https://blog.rapid7.com/2016/09/22/insightidr-nexpose-integrate-for-total-user-asset-security-visibility/},
}

@Article{rapid7,
  author       = {Rapid7},
  date         = {2014-10-08},
  journaltitle = {Rapid7},
  title        = {Website Rapid7},
  url          = {https://www.rapid7.com/},
}

@Article{winISE,
  author       = {Cisco.com},
  date         = {2015-10-15},
  journaltitle = {Active Directory Configuration in Cisco ISE},
  title        = {Integration AD with Cisco ISE},
  url          = {https://www.cisco.com/c/en/us/td/docs/security/ise/2-3/ise_active_directory_integration/b_ISE_AD_integration_2x.html},
}

@Article{LinkedTIN,
  author       = {Wikipedia},
  date         = {2019-03-01},
  journaltitle = {Wat is LinkedIn?},
  title        = {Betekenis LinkedIn},
  url          = {https://en.wikipedia.org/wiki/LinkedIn},
}

@Article{thread_yt,
  author       = {tharakak},
  date         = {2014-03-30},
  journaltitle = {Integration 802.1X with Cisco ISE},
  title        = {Configuring 802.1X with Cisco ISE and EAP-FAST},
  url          = {https://www.youtube.com/watch?v=dmvZN84GIgw},
}

@Comment{jabref-meta: databaseType:biblatex;}
